4556 5828
1178 533 1181 540 ,
1202 441 1300 540 39,

543 657 683 744 dignum
713 655 988 742 deprehendunt,
1021 678 1097 720 eam
1121 657 1165 721 de
1188 657 1263 741 ipso
1291 667 1444 719 actutum
1472 666 1616 731 sumunt,
1646 673 1756 739 neque
1781 654 1881 718 ullam
1897 655 2001 738 ,ullius
2027 653 2156 718 classis

541 766 708 828 rationem
731 763 868 828 habent.

649 996 765 1081 Atque
796 997 881 1060 haec
905 1009 1000 1073 suut,
1032 996 1152 1082 quibus
1183 998 1395 1084 juventutem
1427 1009 1580 1060 nostram
1604 995 1636 1058 in
1661 994 1828 1079 praesenti
1853 992 1943 1058 haud
1966 991 2151 1056 infeliciter

542 1103 737 1180 retinemus
761 1101 926 1168 feliciores
949 1103 1063 1182 futuri,
1088 1105 1115 1167 si
1137 1126 1202 1189 pro
1227 1105 1488 1168 matercularum
1511 1101 1666 1188 alloquiis
1690 1113 1724 1166 et
1745 1099 1980 1166 blandimentis
2002 1114 2148 1186 patruo-

543 1231 615 1272 rum
639 1231 706 1273 vox
721 1209 846 1294 pluries
865 1211 1093 1288 exaudiretur,
1118 1232 1264 1298 cumque
1281 1209 1390 1275 Nobis
1410 1231 1520 1296 aeque
1536 1208 1650 1273 liberis
1667 1210 1734 1272 suis
1752 1207 1964 1294 cupientibus
1980 1219 2146 1294 parentes

542 1318 786 1402 conspirarent.

649 1547 834 1634 Hucusque
859 1549 990 1626 Mores,
1023 1570 1111 1613 nunc
1143 1549 1188 1613 ad
1212 1547 1369 1613 Litteras.
1418 1546 1516 1622 Quas
1542 1545 1815 1610 adolescentibus
1838 1567 1906 1631 quo
1931 1544 2050 1610 ordine
2075 1559 2142 1609 tra-

541 1656 660 1721 damus
684 1669 718 1720 et
741 1659 794 1738 ξύν
814 1661 874 1736 θεῷ
894 1654 939 1720 ad
963 1656 1103 1720 vernum
1126 1677 1232 1742 usque
1245 1655 1399 1720 Examen
1423 1653 1578 1717 tradituri
1602 1654 1715 1730 simus,
1739 1675 1898 1738 praesens
1921 1653 2034 1738 palam
2059 1653 2142 1716 facit

540 1762 710 1850 Syllabus.

1089 2101 1272 2187 Syllabus
1296 2102 1506 2167 lectionum
1531 2109 1599 2166 etc.

648 2262 714 2328 Hic
738 2275 799 2340 est,
823 2263 1004 2326 clarissime
1029 2262 1070 2326 D.
1088 2263 1143 2339 D.,
1168 2263 1275 2350 qualis
1299 2263 1353 2326 ille
1377 2262 1485 2348 qualis
1500 2263 1533 2324 in
1550 2261 1731 2348 praesenti,
1753 2281 1933 2345 operarum
1949 2271 2136 2323 nostrarum

540 2370 745 2456 hyemalium
762 2369 868 2434 Index
892 2391 994 2455 quem
1010 2369 1264 2452 Rleverendae)
1281 2369 1408 2452 Tluae)
1426 2369 1685 2451 Excfellentiae)
1709 2379 1780 2431 tum
1803 2367 1969 2432 bonorum
1993 2365 2136 2430 omniurn

541 2498 706 2542 censurae
723 2476 920 2564 subjectum
946 2477 1036 2553 vol0,
1059 2490 1160 2562 grato
1185 2478 1296 2541 animo
1321 2489 1518 2561 expectans,
1543 2474 1625 2561 quid
1642 2476 1796 2561 posthac,
1821 2495 1898 2538 curn
1917 2481 1992 2538 θεοῦ
2009 2476 2137 2544 διδόντος

541 2585 620 2648 novi
645 2584 798 2662 edentur,
823 2585 865 2648 de
891 2585 1031 2649 consilio
1056 2597 1168 2649 vestro
1194 2584 1391 2648 mutandum
1416 2582 1599 2648 incumbat.
1634 2583 1679 2646 Et
1704 2603 1764 2646 nos
1788 2580 1925 2667 quidem
1949 2582 2052 2644 etiam
2068 2579 2136 2643 dies

540 2691 636 2778 juxta
660 2704 764 2778 atque
787 2714 867 2756 usus
891 2691 1039 2756 docebit.
1079 2692 1180 2756 Nunc
1204 2692 1349 2778 aliquem
1374 2692 1406 2754 in
1431 2690 1602 2776 publicum
1626 2690 1708 2754 dare
1733 2701 1854 2778 typum
1877 2687 2039 2773 oportuit,
2063 2707 2135 2750 cum

541 2797 585 2862 ob
621 2819 741 2862 causas
775 2799 871 2876 alias,
903 2811 975 2862 tum
1004 2799 1057 2862 vel
1085 2811 1228 2884 propter
1255 2811 1429 2884 parenteS,
1462 2798 1519 2883 qui
1547 2798 1638 2862 domi
1662 2798 1730 2862 suis
1754 2795 2003 2881 Praeceptores
2027 2793 2135 2858 liberis

541 2904 668 2968 debent
685 2917 718 2968 et
736 2906 852 2970 volunt
869 2907 1025 2981 existere,
1050 2919 1086 2968 ut
1111 2906 1258 2981 videant,
1283 2919 1446 2992 quantum
1471 2905 1683 2970 institutionis
1699 2905 1854 2989 privatae
1871 2914 1988 2966 nostra
2004 2901 2135 2987 publica

541 3009 636 3082 ferat.
672 3013 808 3099 quando
840 3014 1041 3078 recreationi
1067 3013 1148 3100 quid
1172 3013 1395 3100 largiendum,
1426 3013 1563 3101 quaudo
1594 3013 1639 3078 ad
1664 3013 1766 3078 libros
1791 3011 2012 3086 redeundum,
2037 3023 2135 3094 utque

541 3121 685 3205 negotiis
715 3121 936 3185 familiaribus
968 3121 1052 3185 filios
1082 3121 1218 3206 quidem
1243 3143 1331 3200 suoS,
1361 3121 1546 3208 discipulos
1570 3135 1683 3185 autern
1707 3132 1740 3184 et
1764 3120 1848 3184 filios
1872 3119 1975 3182 etiam
1998 3129 2134 3192 nostros,

540 3240 702 3313 tanquam
726 3230 895 3314 mancipia
919 3243 1041 3306 essent,
1066 3251 1106 3292 eo
1131 3231 1237 3317 minus
1262 3229 1457 3315 impediant.

647 3671 883 3736 Accomodari
908 3673 1069 3737 lectiones
1093 3675 1137 3737 ad
1160 3687 1297 3760 captum
1323 3688 1356 3739 et
1379 3675 1587 3739 haerendum
1609 3675 1639 3736 in
1657 3673 1897 3738 Grammaticis
1914 3673 2050 3735 omnino
2067 3669 2130 3732 fuit.

539 3778 630 3843 Nam
654 3801 730 3844 cum
754 3778 996 3865 discipulorum
1016 3803 1215 3867 progressus
1236 3784 1461 3867 explorarem,
1486 3783 1707 3867 paucissimos
1730 3781 1839 3844 inveni
1857 3778 1982 3866 dignos
1993 3777 2129 3865 Logica.

541 3887 636 3972 cujus
664 3885 845 3972 sperabam
869 3886 1091 3951 fundamenta
1115 3888 1265 3952 secunda
1288 3889 1321 3952 in
1347 3889 1465 3954 Classe
1488 3889 1554 3978 jaci
1579 3910 1688 3974 posse.
1732 3887 1864 3952 Deinde
1888 3899 1925 3950 ut
1949 3885 2083 3950 Graeca
2103 3897 2132 3947 et

540 3991 665 4057 Poesin
683 3994 811 4057 silentio
829 3995 1008 4070 involvam,
1034 3996 1171 4080 quidam
1189 4018 1207 4060 e
1224 3999 1387 4081 supremis
1405 3999 1436 4060 in
1455 4019 1571 4061 omnes
1585 3997 1837 4060 Grammaticae
1857 3993 2001 4058 Latinae
2025 4005 2132 4079 partes

540 4111 610 4163 tam
642 4103 816 4186 impegere
850 4103 1009 4186 turpiter,
1042 4115 1077 4166 ut
1108 4125 1126 4167 e
1158 4103 1316 4188 primauis
1348 4102 1393 4167 ad
1421 4103 1649 4180 secundanos,
1676 4101 1719 4166 ab
1749 4103 1800 4165 his
1830 4103 1909 4166 item
1937 4102 2067 4188 aliquot
2094 4097 2134 4162 ad

336 4207 474 4289 Ρξῑῑψθῐῡὸ
540 4207 721 4272 Tertianos
745 4207 937 4272 remittendi
963 4209 1095 4273 fuerint.
1143 4209 1249 4287 Quod
1273 4232 1292 4274 e
1315 4210 1573 4296 pauperioribus
1599 4213 1754 4296 (quorum
1771 4231 1854 4274 cura
1870 4222 1921 4274 est
1936 4231 2018 4294 pars
2034 4208 2134 4271 altera

301 4277 507 4416 gffiffijffl
543 4315 773 4379 molestiarum
797 4315 1043 4393 Rectoraliuml
1073 4331 1233 4402 quatuor,
1265 4329 1348 4404 quot
1376 4317 1529 4381 nimirum
1558 4319 1591 4380 in
1619 4319 1740 4402 stipem
1764 4317 1932 4382 Musicam
1957 4315 2134 4388 sufficiunt,

300 4437 361 4473 tum
379 4420 434 4503 Sjssl
451 4419 508 4472 Μῑῑ·
540 4423 677 4506 gravius
703 4423 820 4492 tulere.
845 4445 948 4509 seque
972 4424 1048 4488 hinc
1074 4445 1150 4488 cum
1174 4425 1394 4488 emendicatis
1411 4426 1605 4488 testimoniis
1629 4425 1830 4510 proripuere
1859 4424 2017 4510 adeoque
2044 4425 2135 4488 scho-

374 4508 432 4546 Μ’
506 4615 511 4626 Ι
541 4531 608 4593 lam
632 4543 666 4594 et
688 4529 808 4594 urbem
832 4529 960 4616 aliquot
985 4529 1152 4594 inutilibus
1177 4531 1384 4616 ponderibus
1410 4553 1597 4596 exonerare
1618 4532 1815 4607 voluerunt3
1845 4530 2004 4606 Quorum
2029 4543 2135 4595 tamen

300 4617 445 4756 {aaffltest
459 4631 513 4740 13¹1}
541 4637 713 4714 insaniam,
739 4637 862 4702 civium
886 4638 973 4722 (sine
995 4638 1228 4702 controversia
1245 4638 1425 4724 bonorum)
1450 4638 1516 4716 filii,
1540 4638 1585 4702 acl
1609 4636 1784 4702 inferiores
1801 4639 1881 4703 item
1898 4651 1934 4702 ut
1950 4637 1994 4701 illi
2012 4635 2137 4725 rejecti,

299 4730 434 4814 affectan't
465 4760 512 4812 im·
541 4765 666 4830 magno
691 4765 771 4808 sane
796 4765 873 4808 cum
898 4767 957 4809 suo
982 4745 1209 4810 emolumento
1235 4747 1408 4810 consecuti
1434 4768 1498 4810 non
1516 4759 1602 4810 sunt.
1639 4744 1726 4820 Quis
1749 4747 1839 4810 enim
1856 4745 1973 4822 nescit,
1998 4765 2136 4809 messem

301 4837 423 4884 ¹¹¹³t¹¹¹²³
452 4846 512 4884 ⁸¹¹⁰·
540 4851 729 4916 studiorum
756 4852 831 4937 ipsa
852 4852 888 4932 ‚in
912 4851 1019 4934 herba
1043 4853 1194 4931 interire,
1218 4852 1275 4917 ubi
1299 4867 1436 4939 praeter
1460 4876 1556 4917 suum
1580 4855 1737 4918 meritum
1760 4855 1855 4940 pueri
1879 4853 1924 4918 ad
1947 4853 2138 4938 superiores

499 4921 511 4956 S,

300 4901 502 5042 rdfddbtsidbblsl.
540 4961 755 5037 extollantur,
781 4982 858 5026 cum
881 4961 936 5025 vel
960 4961 1080 5046 dignos
1104 4951 1234 5025 tardius
1258 4962 1452 5045 promoveri
1475 4973 1636 5046 praestet.
