<?xml version="1.0" encoding="UTF-8"?>
<!DOCTYPE html PUBLIC "-//W3C//DTD XHTML 1.0 Transitional//EN"
    "http://www.w3.org/TR/xhtml1/DTD/xhtml1-transitional.dtd">
<html xmlns="http://www.w3.org/1999/xhtml" xml:lang="en" lang="en">
 <head>
  <title>
</title>
<meta http-equiv="Content-Type" content="text/html;charset=utf-8" />
  <meta name='ocr-system' content='tesseract 3.04.00' />
  <meta name='ocr-capabilities' content='ocr_page ocr_carea ocr_par ocr_line ocrx_word'/>
</head>
<body>
  <div class='ocr_page' id='page_1' title='image "./mhenricihirtzwi00hirtgoog_0037.png"; bbox 0 0 4556 5828; ppageno 0'>
   <div class='ocr_carea' id='block_1_1' title="bbox 1138 532 1296 545">
    <p class='ocr_par' dir='ltr' id='par_1_1' title="bbox 1138 532 1296 545">
     <span class='ocr_line' id='line_1_1' title="bbox 1138 532 1296 545; baseline 0.006 -1"><span class='ocrx_word' id='word_1_1' title='bbox 1138 532 1296 545; x_wconf 42' lang='lat' dir='ltr'>*Summo*-</span> 
     </span>
    </p>
   </div>
   <div class='ocr_carea' id='block_1_2' title="bbox 318 649 2240 752">
    <p class='ocr_par' dir='ltr' id='par_1_2' title="bbox 318 649 2240 752">
     <span class='ocr_line' id='line_1_2' title="bbox 318 649 2240 752; baseline 0.015 -49"><span class='ocrx_word' id='word_1_2' title='bbox 318 649 488 707; x_wconf 78' lang='lat' dir='ltr'>BlaudrPa-</span> <span class='ocrx_word' id='word_1_3' title='bbox 643 653 799 718; x_wconf 86' lang='lat' dir='ltr'>Tametsi</span> <span class='ocrx_word' id='word_1_4' title='bbox 822 675 904 718; x_wconf 87' lang='lat' dir='ltr'>vero</span> <span class='ocrx_word' id='word_1_5' title='bbox 928 669 1107 743; x_wconf 90' lang='lat' dir='ltr'>utrumque</span> <span class='ocrx_word' id='word_1_6' title='bbox 1131 657 1163 721; x_wconf 93' lang='lat' dir='ltr'>in</span> <span class='ocrx_word' id='word_1_7' title='bbox 1184 657 1392 724; x_wconf 87' lang='lat' dir='ltr'>iuventutem</span> <span class='ocrx_word' id='word_1_8' title='bbox 1416 659 1504 725; x_wconf 92' lang='lat' dir='ltr'>hanc</span> <span class='ocrx_word' id='word_1_9' title='bbox 1527 661 1688 726; x_wconf 88' lang='lat' dir='ltr'>instillatu</span> <span class='ocrx_word' id='word_1_10' title='bbox 1710 662 1813 750; x_wconf 89' lang='lat' dir='ltr'>longe</span> <span class='ocrx_word' id='word_1_11' title='bbox 1838 665 1879 729; x_wconf 92' lang='lat' dir='ltr'>sit</span> <span class='ocrx_word' id='word_1_12' title='bbox 1901 666 2143 752; x_wconf 87' lang='lat' dir='ltr'>gravissimum</span> <span class='ocrx_word' id='word_1_13' title='bbox 2239 695 2240 700; x_wconf 45' lang='lat'>¹</span> 
     </span>
    </p>
   </div>
   <div class='ocr_carea' id='block_1_3' title="bbox 306 729 2144 860">
    <p class='ocr_par' dir='ltr' id='par_1_3' title="bbox 306 729 2144 860">
     <span class='ocr_line' id='line_1_3' title="bbox 306 729 2144 860; baseline 0.007 -35"><span class='ocrx_word' id='word_1_14' title='bbox 306 729 385 847; x_wconf 49' lang='grc' dir='ltr'>Ἥ</span> <span class='ocrx_word' id='word_1_15' title='bbox 400 737 497 847; x_wconf 45' lang='lat' dir='ltr'>iffi?</span> <span class='ocrx_word' id='word_1_16' title='bbox 539 759 593 824; x_wconf 93' lang='lat' dir='ltr'>vel</span> <span class='ocrx_word' id='word_1_17' title='bbox 623 773 801 844; x_wconf 89' lang='lat' dir='ltr'>parentum</span> <span class='ocrx_word' id='word_1_18' title='bbox 834 762 916 826; x_wconf 88' lang='lat' dir='ltr'>vitio</span> <span class='ocrx_word' id='word_1_19' title='bbox 949 763 1007 849; x_wconf 94' lang='lat' dir='ltr'>qui</span> <span class='ocrx_word' id='word_1_20' title='bbox 1035 763 1214 848; x_wconf 90' lang='lat' dir='ltr'>plurimum</span> <span class='ocrx_word' id='word_1_21' title='bbox 1241 763 1419 852; x_wconf 85' lang='lat' dir='ltr'><strong>indulgent</strong></span> <span class='ocrx_word' id='word_1_22' title='bbox 1449 767 1551 854; x_wconf 90' lang='lat' dir='ltr'>inque</span> <span class='ocrx_word' id='word_1_23' title='bbox 1584 767 1711 834; x_wconf 84' lang='lat' dir='ltr'>vibices</span> <span class='ocrx_word' id='word_1_24' title='bbox 1740 772 1849 857; x_wconf 87' lang='lat' dir='ltr'>magis</span> <span class='ocrx_word' id='word_1_25' title='bbox 1876 793 2015 838; x_wconf 90' lang='lat' dir='ltr'>suorum</span> <span class='ocrx_word' id='word_1_26' title='bbox 2039 795 2144 860; x_wconf 88' lang='lat' dir='ltr'>quam</span> 
     </span>
    </p>
   </div>
   <div class='ocr_carea' id='block_1_4' title="bbox 297 865 2143 1609">
    <p class='ocr_par' dir='ltr' id='par_1_4' title="bbox 297 865 2143 1609">
     <span class='ocr_line' id='line_1_4' title="bbox 306 865 2143 966; baseline 0.006 -33"><span class='ocrx_word' id='word_1_27' title='bbox 306 865 500 933; x_wconf 74' lang='lat' dir='ltr'>gestiamus.</span> <span class='ocrx_word' id='word_1_28' title='bbox 536 868 758 954; x_wconf 86' lang='lat' dir='ltr'>petulantiam</span> <span class='ocrx_word' id='word_1_29' title='bbox 792 889 834 933; x_wconf 88' lang='lat' dir='ltr'>ac</span> <span class='ocrx_word' id='word_1_30' title='bbox 862 869 1031 956; x_wconf 89' lang='lat' dir='ltr'>ignaviam</span> <span class='ocrx_word' id='word_1_31' title='bbox 1063 872 1251 957; x_wconf 87' lang='lat' dir='ltr'>inquirunt,</span> <span class='ocrx_word' id='word_1_32' title='bbox 1280 885 1351 936; x_wconf 91' lang='lat' dir='ltr'>tum</span> <span class='ocrx_word' id='word_1_33' title='bbox 1383 872 1558 958; x_wconf 87' lang='lat' dir='ltr'>profectus</span> <span class='ocrx_word' id='word_1_34' title='bbox 1584 875 1797 962; x_wconf 91' lang='lat' dir='ltr'>quotidianos</span> <span class='ocrx_word' id='word_1_35' title='bbox 1822 877 1974 944; x_wconf 89' lang='lat' dir='ltr'>manibus</span> <span class='ocrx_word' id='word_1_36' title='bbox 1999 881 2143 966; x_wconf 84' lang='lat' dir='ltr'>palpare</span> 
     </span>
     <span class='ocr_line' id='line_1_5' title="bbox 306 971 2143 1075; baseline 0.005 -34"><span class='ocrx_word' id='word_1_37' title='bbox 306 971 500 1075; x_wconf 34' lang='lat' dir='ltr'>&#39;Disciplinam</span> <span class='ocrx_word' id='word_1_38' title='bbox 537 976 671 1040; x_wconf 91' lang='lat' dir='ltr'>volunt:</span> <span class='ocrx_word' id='word_1_39' title='bbox 707 987 820 1040; x_wconf 88' lang='lat' dir='ltr'>tamen</span> <span class='ocrx_word' id='word_1_40' title='bbox 854 977 965 1042; x_wconf 87' lang='lat' dir='ltr'>invitis</span> <span class='ocrx_word' id='word_1_41' title='bbox 993 999 1072 1041; x_wconf 89' lang='lat' dir='ltr'>sane</span> <span class='ocrx_word' id='word_1_42' title='bbox 1101 977 1272 1064; x_wconf 85' lang='lat' dir='ltr'>discipulis</span> <span class='ocrx_word' id='word_1_43' title='bbox 1303 978 1474 1066; x_wconf 88' lang='lat' dir='ltr'>duplicem</span> <span class='ocrx_word' id='word_1_44' title='bbox 1498 980 1630 1060; x_wconf 79' lang='lat' dir='ltr'>Nolam,</span> <span class='ocrx_word' id='word_1_45' title='bbox 1662 1003 1740 1048; x_wconf 91' lang='lat' dir='ltr'>curn</span> <span class='ocrx_word' id='word_1_46' title='bbox 1767 986 1878 1072; x_wconf 91' lang='lat' dir='ltr'>prima</span> <span class='ocrx_word' id='word_1_47' title='bbox 1902 987 2021 1064; x_wconf 89' lang='lat' dir='ltr'>salute,</span> <span class='ocrx_word' id='word_1_48' title='bbox 2047 1003 2143 1072; x_wconf 91' lang='lat' dir='ltr'>post·</span> 
     </span>
     <span class='ocr_line' id='line_1_6' title="bbox 297 1048 2141 1180; baseline 0.005 -31"><span class='ocrx_word' id='word_1_49' title='bbox 297 1048 477 1168; x_wconf 50' lang='lat' dir='ltr'>misem,</span> <span class='ocrx_word' id='word_1_50' title='bbox 537 1085 661 1150; x_wconf 93' lang='lat' dir='ltr'>liminio</span> <span class='ocrx_word' id='word_1_51' title='bbox 695 1083 826 1162; x_wconf 83' lang='lat' dir='ltr'>reduxi,</span> <span class='ocrx_word' id='word_1_52' title='bbox 863 1105 929 1148; x_wconf 88' lang='lat' dir='ltr'>una</span> <span class='ocrx_word' id='word_1_53' title='bbox 965 1098 1001 1149; x_wconf 95' lang='lat' dir='ltr'>ut</span> <span class='ocrx_word' id='word_1_54' title='bbox 1032 1106 1159 1162; x_wconf 90' lang='lat' dir='ltr'>mores,</span> <span class='ocrx_word' id='word_1_55' title='bbox 1189 1107 1379 1150; x_wconf 89' lang='lat' dir='ltr'>sermonem</span> <span class='ocrx_word' id='word_1_56' title='bbox 1412 1088 1519 1151; x_wconf 87' lang='lat' dir='ltr'>altera</span> <span class='ocrx_word' id='word_1_57' title='bbox 1542 1085 1736 1154; x_wconf 90' lang='lat' dir='ltr'>Romanum</span> <span class='ocrx_word' id='word_1_58' title='bbox 1759 1091 1977 1177; x_wconf 88' lang='lat' dir='ltr'>gubernaret.</span> <span class='ocrx_word' id='word_1_59' title='bbox 2022 1093 2141 1180; x_wconf 89' lang='lat' dir='ltr'>Atque</span> 
     </span>
     <span class='ocr_line' id='line_1_7' title="bbox 336 1192 2143 1286; baseline 0.003 -28"><span class='ocrx_word' id='word_1_60' title='bbox 336 1221 469 1275; x_wconf 60' lang='lat' dir='ltr'>pomum</span> <span class='ocrx_word' id='word_1_61' title='bbox 537 1196 658 1257; x_wconf 89' lang='lat' dir='ltr'>harum</span> <span class='ocrx_word' id='word_1_62' title='bbox 684 1215 761 1256; x_wconf 91' lang='lat' dir='ltr'>usus</span> <span class='ocrx_word' id='word_1_63' title='bbox 791 1205 861 1258; x_wconf 91' lang='lat' dir='ltr'>tam</span> <span class='ocrx_word' id='word_1_64' title='bbox 885 1204 937 1256; x_wconf 91' lang='lat' dir='ltr'>est</span> <span class='ocrx_word' id='word_1_65' title='bbox 959 1193 1167 1258; x_wconf 88' lang='lat' dir='ltr'>necessarius</span> <span class='ocrx_word' id='word_1_66' title='bbox 1191 1205 1225 1258; x_wconf 88' lang='lat' dir='ltr'>et</span> <span class='ocrx_word' id='word_1_67' title='bbox 1249 1192 1443 1278; x_wconf 82' lang='lat' dir='ltr'>multiplex,</span> <span class='ocrx_word' id='word_1_68' title='bbox 1467 1206 1504 1258; x_wconf 92' lang='lat' dir='ltr'>ut</span> <span class='ocrx_word' id='word_1_69' title='bbox 1527 1195 1596 1260; x_wconf 89' lang='lat' dir='ltr'>sine</span> <span class='ocrx_word' id='word_1_70' title='bbox 1620 1197 1659 1260; x_wconf 90' lang='lat' dir='ltr'>iis</span> <span class='ocrx_word' id='word_1_71' title='bbox 1682 1194 1895 1284; x_wconf 89' lang='lat' dir='ltr'>disciplinam</span> <span class='ocrx_word' id='word_1_72' title='bbox 1918 1201 1976 1286; x_wconf 92' lang='lat' dir='ltr'>qui</span> <span class='ocrx_word' id='word_1_73' title='bbox 1999 1221 2143 1266; x_wconf 88' lang='lat' dir='ltr'>conser-</span> 
     </span>
     <span class='ocr_line' id='line_1_8' title="bbox 324 1293 2143 1392; baseline 0.005 -27"><span class='ocrx_word' id='word_1_74' title='bbox 324 1293 482 1346; x_wconf 80' lang='lat' dir='ltr'>necessitas.</span> <span class='ocrx_word' id='word_1_75' title='bbox 538 1299 685 1364; x_wconf 89' lang='lat' dir='ltr'>vandam</span> <span class='ocrx_word' id='word_1_76' title='bbox 717 1312 828 1386; x_wconf 90' lang='lat' dir='ltr'>putet,</span> <span class='ocrx_word' id='word_1_77' title='bbox 860 1300 885 1362; x_wconf 91' lang='lat' dir='ltr'>is</span> <span class='ocrx_word' id='word_1_78' title='bbox 915 1299 1064 1364; x_wconf 88' lang='lat' dir='ltr'>studiose</span> <span class='ocrx_word' id='word_1_79' title='bbox 1089 1300 1242 1364; x_wconf 90' lang='lat' dir='ltr'>insaniat.</span> <span class='ocrx_word' id='word_1_80' title='bbox 1296 1300 1422 1364; x_wconf 88' lang='lat' dir='ltr'>Annon</span> <span class='ocrx_word' id='word_1_81' title='bbox 1446 1303 1535 1366; x_wconf 89' lang='lat' dir='ltr'>enim</span> <span class='ocrx_word' id='word_1_82' title='bbox 1558 1304 1623 1368; x_wconf 92' lang='lat' dir='ltr'>hoc</span> <span class='ocrx_word' id='word_1_83' title='bbox 1647 1318 1750 1389; x_wconf 87' lang='lat' dir='ltr'>pacto</span> <span class='ocrx_word' id='word_1_84' title='bbox 1774 1309 1870 1392; x_wconf 88' lang='lat' dir='ltr'>pueri</span> <span class='ocrx_word' id='word_1_85' title='bbox 1894 1309 2057 1374; x_wconf 88' lang='lat' dir='ltr'>custodes</span> <span class='ocrx_word' id='word_1_86' title='bbox 2082 1309 2143 1374; x_wconf 92' lang='lat' dir='ltr'>sibi</span> 
     </span>
     <span class='ocr_line' id='line_1_9' title="bbox 537 1404 2142 1504; baseline 0.005 -32"><span class='ocrx_word' id='word_1_87' title='bbox 537 1409 616 1495; x_wconf 89' lang='lat' dir='ltr'>ipsis</span> <span class='ocrx_word' id='word_1_88' title='bbox 650 1420 683 1472; x_wconf 89' lang='lat' dir='ltr'>et</span> <span class='ocrx_word' id='word_1_89' title='bbox 707 1407 955 1492; x_wconf 87' lang='lat' dir='ltr'>Praeceptores</span> <span class='ocrx_word' id='word_1_90' title='bbox 984 1404 1154 1472; x_wconf 90' lang='lat' dir='ltr'>existunt?</span> <span class='ocrx_word' id='word_1_91' title='bbox 1189 1419 1399 1472; x_wconf 87' lang='lat' dir='ltr'>venustatem</span> <span class='ocrx_word' id='word_1_92' title='bbox 1431 1431 1563 1473; x_wconf 91' lang='lat' dir='ltr'>morum</span> <span class='ocrx_word' id='word_1_93' title='bbox 1591 1410 1745 1476; x_wconf 91' lang='lat' dir='ltr'>omnibus</span> <span class='ocrx_word' id='word_1_94' title='bbox 1772 1413 1945 1500; x_wconf 90' lang='lat' dir='ltr'>probant?</span> <span class='ocrx_word' id='word_1_95' title='bbox 1981 1438 2018 1480; x_wconf 89' lang='lat' dir='ltr'>se</span> <span class='ocrx_word' id='word_1_96' title='bbox 2049 1417 2142 1504; x_wconf 88' lang='lat' dir='ltr'>ipsos</span> 
     </span>
     <span class='ocr_line' id='line_1_10' title="bbox 537 1513 2140 1609; baseline 0.004 -29"><span class='ocrx_word' id='word_1_97' title='bbox 537 1514 758 1581; x_wconf 81' lang='lat' dir='ltr'>reformidant</span> <span class='ocrx_word' id='word_1_98' title='bbox 782 1529 815 1580; x_wconf 91' lang='lat' dir='ltr'>et</span> <span class='ocrx_word' id='word_1_99' title='bbox 840 1513 1066 1580; x_wconf 89' lang='lat' dir='ltr'>venerantur?</span> <span class='ocrx_word' id='word_1_100' title='bbox 1090 1538 1151 1580; x_wconf 92' lang='lat' dir='ltr'>usu</span> <span class='ocrx_word' id='word_1_101' title='bbox 1167 1515 1302 1602; x_wconf 90' lang='lat' dir='ltr'>linguae</span> <span class='ocrx_word' id='word_1_102' title='bbox 1313 1515 1493 1580; x_wconf 87' lang='lat' dir='ltr'>Romanae</span> <span class='ocrx_word' id='word_1_103' title='bbox 1510 1517 1730 1606; x_wconf 87' lang='lat' dir='ltr'>undiquaque</span> <span class='ocrx_word' id='word_1_104' title='bbox 1746 1542 1970 1609; x_wconf 88' lang='lat' dir='ltr'>progressum</span> <span class='ocrx_word' id='word_1_105' title='bbox 1986 1520 2140 1588; x_wconf 84' lang='lat' dir='ltr'>faciunt?</span> 
     </span>
    </p>
   </div>
   <div class='ocr_carea' id='block_1_5' title="bbox 319 1620 2141 1721">
    <p class='ocr_par' dir='ltr' id='par_1_5' title="bbox 319 1620 2141 1721">
     <span class='ocr_line' id='line_1_11' title="bbox 319 1620 2141 1721; baseline 0.003 -31"><span class='ocrx_word' id='word_1_106' title='bbox 319 1668 483 1721; x_wconf 83' lang='lat' dir='ltr'>Notaromm</span> <span class='ocrx_word' id='word_1_107' title='bbox 535 1625 752 1710; x_wconf 88' lang='lat' dir='ltr'>plurimisque</span> <span class='ocrx_word' id='word_1_108' title='bbox 776 1621 949 1688; x_wconf 88' lang='lat' dir='ltr'>laboribus</span> <span class='ocrx_word' id='word_1_109' title='bbox 973 1620 1219 1708; x_wconf 88' lang='lat' dir='ltr'>Praeceptores</span> <span class='ocrx_word' id='word_1_110' title='bbox 1243 1620 1410 1689; x_wconf 88' lang='lat' dir='ltr'>liberant?</span> <span class='ocrx_word' id='word_1_111' title='bbox 1456 1621 1566 1689; x_wconf 91' lang='lat' dir='ltr'>Porro</span> <span class='ocrx_word' id='word_1_112' title='bbox 1590 1647 1632 1690; x_wconf 90' lang='lat' dir='ltr'>ne</span> <span class='ocrx_word' id='word_1_113' title='bbox 1657 1627 1753 1713; x_wconf 90' lang='lat' dir='ltr'>signa</span> <span class='ocrx_word' id='word_1_114' title='bbox 1777 1639 1811 1691; x_wconf 92' lang='lat' dir='ltr'>et</span> <span class='ocrx_word' id='word_1_115' title='bbox 1834 1625 1948 1692; x_wconf 89' lang='lat' dir='ltr'>Notae</span> <span class='ocrx_word' id='word_1_116' title='bbox 1972 1651 2037 1715; x_wconf 93' lang='lat' dir='ltr'>pro</span> <span class='ocrx_word' id='word_1_117' title='bbox 2061 1629 2141 1695; x_wconf 93' lang='lat' dir='ltr'>ludo</span> 
     </span>
    </p>
   </div>
   <div class='ocr_carea' id='block_1_6' title="bbox 349 1727 2240 2034">
    <p class='ocr_par' dir='ltr' id='par_1_6' title="bbox 349 1727 2240 2034">
     <span class='ocr_line' id='line_1_12' title="bbox 349 1727 2240 1824; baseline 0.005 -32"><span class='ocrx_word' id='word_1_118' title='bbox 349 1755 459 1808; x_wconf 77' lang='lat' dir='ltr'>poenae.</span> <span class='ocrx_word' id='word_1_119' title='bbox 535 1733 599 1796; x_wconf 93' lang='lat' dir='ltr'>sint</span> <span class='ocrx_word' id='word_1_120' title='bbox 623 1730 907 1806; x_wconf 88' lang='lat' dir='ltr'>adolescentibus,</span> <span class='ocrx_word' id='word_1_121' title='bbox 930 1751 1063 1816; x_wconf 89' lang='lat' dir='ltr'>poenae</span> <span class='ocrx_word' id='word_1_122' title='bbox 1086 1730 1163 1794; x_wconf 94' lang='lat' dir='ltr'>loco</span> <span class='ocrx_word' id='word_1_123' title='bbox 1187 1727 1314 1816; x_wconf 91' lang='lat' dir='ltr'>aliquid</span> <span class='ocrx_word' id='word_1_124' title='bbox 1339 1753 1357 1794; x_wconf 90' lang='lat' dir='ltr'>e</span> <span class='ocrx_word' id='word_1_125' title='bbox 1382 1733 1544 1796; x_wconf 91' lang='lat' dir='ltr'>memoria</span> <span class='ocrx_word' id='word_1_126' title='bbox 1561 1733 1725 1818; x_wconf 84' lang='lat' dir='ltr'>postridie</span> <span class='ocrx_word' id='word_1_127' title='bbox 1754 1733 1978 1814; x_wconf 91' lang='lat' dir='ltr'>reddendum,</span> <span class='ocrx_word' id='word_1_128' title='bbox 2002 1734 2141 1800; x_wconf 90' lang='lat' dir='ltr'>Notatis</span> <span class='ocrx_word' id='word_1_129' title='bbox 2239 1819 2240 1824; x_wconf 5' lang='grc' dir='ltr'>ἵ</span> 
     </span>
     <span class='ocr_line' id='line_1_13' title="bbox 535 1827 2240 1929; baseline 0.001 -25"><span class='ocrx_word' id='word_1_130' title='bbox 535 1839 804 1916; x_wconf 90' lang='lat' dir='ltr'>commendatur,</span> <span class='ocrx_word' id='word_1_131' title='bbox 828 1836 921 1924; x_wconf 93' lang='lat' dir='ltr'>quod</span> <span class='ocrx_word' id='word_1_132' title='bbox 945 1849 1067 1901; x_wconf 85' lang='lat' dir='ltr'>exacte</span> <span class='ocrx_word' id='word_1_133' title='bbox 1091 1837 1148 1923; x_wconf 93' lang='lat' dir='ltr'>qui</span> <span class='ocrx_word' id='word_1_134' title='bbox 1173 1858 1240 1902; x_wconf 94' lang='lat' dir='ltr'>non</span> <span class='ocrx_word' id='word_1_135' title='bbox 1256 1839 1478 1924; x_wconf 89' lang='lat' dir='ltr'>praestiterit,</span> <span class='ocrx_word' id='word_1_136' title='bbox 1502 1839 1530 1903; x_wconf 91' lang='lat' dir='ltr'>is</span> <span class='ocrx_word' id='word_1_137' title='bbox 1553 1838 1690 1904; x_wconf 90' lang='lat' dir='ltr'>demum</span> <span class='ocrx_word' id='word_1_138' title='bbox 1713 1841 1823 1928; x_wconf 86' lang='lat' dir='ltr'>dignis</span> <span class='ocrx_word' id='word_1_139' title='bbox 1847 1841 1958 1907; x_wconf 91' lang='lat' dir='ltr'>modis</span> <span class='ocrx_word' id='word_1_140' title='bbox 1981 1845 2139 1929; x_wconf 83' lang='lat' dir='ltr'>vapulat:</span> <span class='ocrx_word' id='word_1_141' title='bbox 2239 1827 2240 1860; x_wconf 61' lang='lat'>³</span> 
     </span>
     <span class='ocr_line' id='line_1_14' title="bbox 535 1945 2040 2034; baseline 0.003 -24"><span class='ocrx_word' id='word_1_142' title='bbox 535 1949 814 2034; x_wconf 66' lang='grc' dir='ltr'>άπροσωιιολήιηως,</span> <span class='ocrx_word' id='word_1_143' title='bbox 834 1957 997 2029; x_wconf 90' lang='lat' dir='ltr'>tanquam</span> <span class='ocrx_word' id='word_1_144' title='bbox 1021 1945 1159 2008; x_wconf 89' lang='lat' dir='ltr'>militiae</span> <span class='ocrx_word' id='word_1_145' title='bbox 1183 1946 1239 2022; x_wconf 91' lang='lat' dir='ltr'>sit,</span> <span class='ocrx_word' id='word_1_146' title='bbox 1264 1946 1361 2032; x_wconf 84' lang='lat' dir='ltr'>cujus</span> <span class='ocrx_word' id='word_1_147' title='bbox 1385 1967 1507 2010; x_wconf 91' lang='lat' dir='ltr'>nervus</span> <span class='ocrx_word' id='word_1_148' title='bbox 1531 1967 1604 2010; x_wconf 90' lang='lat' dir='ltr'>esse</span> <span class='ocrx_word' id='word_1_149' title='bbox 1629 1945 1806 2033; x_wconf 89' lang='lat' dir='ltr'>disciplina</span> <span class='ocrx_word' id='word_1_150' title='bbox 1829 1949 2040 2034; x_wconf 86' lang='lat' dir='ltr'>perhibetur.</span> 
     </span>
    </p>
   </div>
   <div class='ocr_carea' id='block_1_7' title="bbox 296 2727 2138 3244">
    <p class='ocr_par' dir='ltr' id='par_1_7' title="bbox 296 2727 2138 3244">
     <span class='ocr_line' id='line_1_15' title="bbox 296 2727 2138 2818; baseline 0.002 -25"><span class='ocrx_word' id='word_1_151' title='bbox 296 2740 507 2790; x_wconf 72' lang='lat' dir='ltr'>a.Decur1·0nes.</span> <span class='ocrx_word' id='word_1_152' title='bbox 642 2730 823 2797; x_wconf 88' lang='lat' dir='ltr'>Accedunt</span> <span class='ocrx_word' id='word_1_153' title='bbox 840 2729 940 2794; x_wconf 91' lang='lat' dir='ltr'>Notis</span> <span class='ocrx_word' id='word_1_154' title='bbox 956 2727 1174 2811; x_wconf 74' lang='lat' dir='ltr'>DecrtrioneS,</span> <span class='ocrx_word' id='word_1_155' title='bbox 1197 2729 1318 2815; x_wconf 87' lang='lat' dir='ltr'>singuli</span> <span class='ocrx_word' id='word_1_156' title='bbox 1346 2731 1554 2816; x_wconf 90' lang='lat' dir='ltr'>singularum</span> <span class='ocrx_word' id='word_1_157' title='bbox 1576 2731 1803 2809; x_wconf 89' lang='lat' dir='ltr'>decuriarum,</span> <span class='ocrx_word' id='word_1_158' title='bbox 1824 2755 1969 2818; x_wconf 88' lang='lat' dir='ltr'>quorum</span> <span class='ocrx_word' id='word_1_159' title='bbox 1990 2731 2138 2798; x_wconf 83' lang='lat' dir='ltr'>officium</span> 
     </span>
     <span class='ocr_line' id='line_1_16' title="bbox 535 2835 2137 2926; baseline 0.003 -22"><span class='ocrx_word' id='word_1_160' title='bbox 535 2853 584 2904; x_wconf 91' lang='lat' dir='ltr'>est</span> <span class='ocrx_word' id='word_1_161' title='bbox 616 2838 921 2904; x_wconf 88' lang='lat' dir='ltr'>hebdomadarium</span> <span class='ocrx_word' id='word_1_162' title='bbox 952 2837 1108 2922; x_wconf 87' lang='lat' dir='ltr'>adeoque</span> <span class='ocrx_word' id='word_1_163' title='bbox 1140 2835 1409 2901; x_wconf 88' lang='lat' dir='ltr'>ambulatorium.</span> <span class='ocrx_word' id='word_1_164' title='bbox 1453 2836 1526 2902; x_wconf 93' lang='lat' dir='ltr'>Hos</span> <span class='ocrx_word' id='word_1_165' title='bbox 1558 2837 1591 2901; x_wconf 93' lang='lat' dir='ltr'>in</span> <span class='ocrx_word' id='word_1_166' title='bbox 1624 2839 1741 2903; x_wconf 89' lang='lat' dir='ltr'>schola</span> <span class='ocrx_word' id='word_1_167' title='bbox 1769 2839 1896 2924; x_wconf 89' lang='lat' dir='ltr'>primos</span> <span class='ocrx_word' id='word_1_168' title='bbox 1927 2861 2137 2926; x_wconf 82' lang='lat' dir='ltr'>comparere.</span> 
     </span>
     <span class='ocr_line' id='line_1_17' title="bbox 535 2943 2137 3032; baseline -0.001 -21"><span class='ocrx_word' id='word_1_169' title='bbox 535 2946 693 3011; x_wconf 88' lang='lat' dir='ltr'>absentes</span> <span class='ocrx_word' id='word_1_170' title='bbox 723 2966 800 3010; x_wconf 88' lang='lat' dir='ltr'>cum</span> <span class='ocrx_word' id='word_1_171' title='bbox 829 2967 903 3009; x_wconf 90' lang='lat' dir='ltr'>sero</span> <span class='ocrx_word' id='word_1_172' title='bbox 932 2943 1145 3008; x_wconf 87' lang='lat' dir='ltr'>venientibus</span> <span class='ocrx_word' id='word_1_173' title='bbox 1176 2956 1354 3022; x_wconf 89' lang='lat' dir='ltr'>annotare,</span> <span class='ocrx_word' id='word_1_174' title='bbox 1387 2945 1579 3030; x_wconf 88' lang='lat' dir='ltr'>petulantes</span> <span class='ocrx_word' id='word_1_175' title='bbox 1609 2967 1773 3032; x_wconf 88' lang='lat' dir='ltr'>suumque</span> <span class='ocrx_word' id='word_1_176' title='bbox 1801 2945 1914 3010; x_wconf 92' lang='lat' dir='ltr'>locum</span> <span class='ocrx_word' id='word_1_177' title='bbox 1942 2969 2010 3011; x_wconf 89' lang='lat' dir='ltr'>non</span> <span class='ocrx_word' id='word_1_178' title='bbox 2034 2967 2137 3012; x_wconf 90' lang='lat' dir='ltr'>occu·</span> 
     </span>
     <span class='ocr_line' id='line_1_18' title="bbox 534 3050 2137 3140; baseline -0.001 -23"><span class='ocrx_word' id='word_1_179' title='bbox 534 3067 655 3140; x_wconf 90' lang='lat' dir='ltr'>pantes</span> <span class='ocrx_word' id='word_1_180' title='bbox 677 3051 810 3118; x_wconf 83' lang='lat' dir='ltr'>del&#39;erre</span> <span class='ocrx_word' id='word_1_181' title='bbox 828 3050 1050 3136; x_wconf 87' lang='lat' dir='ltr'>Praeceptori</span> <span class='ocrx_word' id='word_1_182' title='bbox 1068 3051 1310 3127; x_wconf 89' lang='lat' dir='ltr'>intervenienti,</span> <span class='ocrx_word' id='word_1_183' title='bbox 1333 3072 1411 3116; x_wconf 90' lang='lat' dir='ltr'>cum</span> <span class='ocrx_word' id='word_1_184' title='bbox 1428 3054 1586 3137; x_wconf 89' lang='lat' dir='ltr'>strepitus</span> <span class='ocrx_word' id='word_1_185' title='bbox 1604 3053 1783 3117; x_wconf 85' lang='lat' dir='ltr'>exauditus</span> <span class='ocrx_word' id='word_1_186' title='bbox 1799 3050 1911 3130; x_wconf 87' lang='lat' dir='ltr'>suerit,</span> <span class='ocrx_word' id='word_1_187' title='bbox 1931 3065 1989 3116; x_wconf 90' lang='lat' dir='ltr'>ant</span> <span class='ocrx_word' id='word_1_188' title='bbox 2009 3075 2137 3138; x_wconf 90' lang='lat' dir='ltr'>poenas</span> 
     </span>
     <span class='ocr_line' id='line_1_19' title="bbox 534 3159 1250 3244; baseline -0.006 -19"><span class='ocrx_word' id='word_1_189' title='bbox 534 3173 613 3224; x_wconf 91' lang='lat' dir='ltr'>ante</span> <span class='ocrx_word' id='word_1_190' title='bbox 637 3161 721 3224; x_wconf 90' lang='lat' dir='ltr'>alios</span> <span class='ocrx_word' id='word_1_191' title='bbox 745 3181 861 3223; x_wconf 92' lang='lat' dir='ltr'>omnes</span> <span class='ocrx_word' id='word_1_192' title='bbox 885 3159 1081 3244; x_wconf 89' lang='lat' dir='ltr'>persolvere</span> <span class='ocrx_word' id='word_1_193' title='bbox 1107 3171 1250 3244; x_wconf 90' lang='lat' dir='ltr'>oportet.</span> 
     </span>
    </p>
   </div>
   <div class='ocr_carea' id='block_1_8' title="bbox 306 3408 2138 3710">
    <p class='ocr_par' dir='ltr' id='par_1_8' title="bbox 306 3408 2138 3710">
     <span class='ocr_line' id='line_1_20' title="bbox 306 3408 2138 3496; baseline 0 -22"><span class='ocrx_word' id='word_1_194' title='bbox 306 3421 331 3468; x_wconf 81' lang='lat'>3.</span> <span class='ocrx_word' id='word_1_195' title='bbox 355 3418 492 3483; x_wconf 77' lang='lat' dir='ltr'>Corycaei·</span> <span class='ocrx_word' id='word_1_196' title='bbox 642 3409 699 3474; x_wconf 83' lang='lat' dir='ltr'>Ad</span> <span class='ocrx_word' id='word_1_197' title='bbox 727 3411 812 3475; x_wconf 91' lang='lat' dir='ltr'>haec</span> <span class='ocrx_word' id='word_1_198' title='bbox 841 3410 1000 3496; x_wconf 89' lang='lat' dir='ltr'>quoniam</span> <span class='ocrx_word' id='word_1_199' title='bbox 1028 3409 1128 3472; x_wconf 92' lang='lat' dir='ltr'>misso</span> <span class='ocrx_word' id='word_1_200' title='bbox 1163 3408 1243 3472; x_wconf 92' lang='lat' dir='ltr'>ludo</span> <span class='ocrx_word' id='word_1_201' title='bbox 1277 3431 1462 3494; x_wconf 90' lang='lat' dir='ltr'>puerorum</span> <span class='ocrx_word' id='word_1_202' title='bbox 1496 3409 1631 3496; x_wconf 86' lang='lat' dir='ltr'>plurimi</span> <span class='ocrx_word' id='word_1_203' title='bbox 1667 3432 1733 3474; x_wconf 89' lang='lat' dir='ltr'>non</span> <span class='ocrx_word' id='word_1_204' title='bbox 1757 3411 1789 3474; x_wconf 91' lang='lat' dir='ltr'>in</span> <span class='ocrx_word' id='word_1_205' title='bbox 1813 3408 1994 3473; x_wconf 88' lang='lat' dir='ltr'>Musaeum</span> <span class='ocrx_word' id='word_1_206' title='bbox 2018 3432 2055 3474; x_wconf 90' lang='lat' dir='ltr'>se</span> <span class='ocrx_word' id='word_1_207' title='bbox 2078 3409 2138 3474; x_wconf 89' lang='lat' dir='ltr'>ab·</span> 
     </span>
     <span class='ocr_line' id='line_1_21' title="bbox 534 3515 2135 3603; baseline -0.001 -22"><span class='ocrx_word' id='word_1_208' title='bbox 534 3518 677 3594; x_wconf 91' lang='lat' dir='ltr'>ducunt,</span> <span class='ocrx_word' id='word_1_209' title='bbox 708 3515 768 3581; x_wconf 92' lang='lat' dir='ltr'>sed</span> <span class='ocrx_word' id='word_1_210' title='bbox 801 3517 974 3602; x_wconf 88' lang='lat' dir='ltr'>publicum</span> <span class='ocrx_word' id='word_1_211' title='bbox 1004 3516 1107 3579; x_wconf 93' lang='lat' dir='ltr'>multo</span> <span class='ocrx_word' id='word_1_212' title='bbox 1131 3516 1240 3602; x_wconf 90' lang='lat' dir='ltr'>magis</span> <span class='ocrx_word' id='word_1_213' title='bbox 1264 3529 1389 3593; x_wconf 88' lang='lat' dir='ltr'>amant,</span> <span class='ocrx_word' id='word_1_214' title='bbox 1413 3517 1446 3580; x_wconf 92' lang='lat' dir='ltr'>in</span> <span class='ocrx_word' id='word_1_215' title='bbox 1469 3517 1590 3603; x_wconf 89' lang='lat' dir='ltr'>plateis</span> <span class='ocrx_word' id='word_1_216' title='bbox 1614 3518 1769 3603; x_wconf 90' lang='lat' dir='ltr'>areisque</span> <span class='ocrx_word' id='word_1_217' title='bbox 1794 3518 2135 3587; x_wconf 84' lang='lat' dir='ltr'>circumcursitantes,</span> 
     </span>
     <span class='ocr_line' id='line_1_22' title="bbox 534 3621 2135 3710; baseline -0.001 -22"><span class='ocrx_word' id='word_1_218' title='bbox 534 3624 630 3689; x_wconf 94' lang='lat' dir='ltr'>ludos</span> <span class='ocrx_word' id='word_1_219' title='bbox 660 3637 775 3689; x_wconf 93' lang='lat' dir='ltr'>nostra</span> <span class='ocrx_word' id='word_1_220' title='bbox 807 3623 984 3709; x_wconf 89' lang='lat' dir='ltr'>disciplina</span> <span class='ocrx_word' id='word_1_221' title='bbox 1017 3621 1183 3709; x_wconf 87' lang='lat' dir='ltr'>indignos,</span> <span class='ocrx_word' id='word_1_222' title='bbox 1217 3643 1294 3686; x_wconf 92' lang='lat' dir='ltr'>curn</span> <span class='ocrx_word' id='word_1_223' title='bbox 1326 3636 1439 3689; x_wconf 89' lang='lat' dir='ltr'>aetate</span> <span class='ocrx_word' id='word_1_224' title='bbox 1463 3624 1648 3710; x_wconf 90' lang='lat' dir='ltr'>imparibus</span> <span class='ocrx_word' id='word_1_225' title='bbox 1672 3637 1923 3701; x_wconf 89' lang='lat' dir='ltr'>consectantur,</span> <span class='ocrx_word' id='word_1_226' title='bbox 1955 3625 1981 3688; x_wconf 89' lang='lat' dir='ltr'>si</span> <span class='ocrx_word' id='word_1_227' title='bbox 2005 3624 2135 3689; x_wconf 89' lang='lat' dir='ltr'>coelum</span> 
     </span>
    </p>
   </div>
   <div class='ocr_carea' id='block_1_9' title="bbox 534 3731 2239 3820">
    <p class='ocr_par' dir='ltr' id='par_1_9' title="bbox 534 3731 2239 3820">
     <span class='ocr_line' id='line_1_23' title="bbox 534 3731 2239 3820; baseline -0.001 -24"><span class='ocrx_word' id='word_1_228' title='bbox 534 3733 638 3820; x_wconf 77' lang='lat' dir='ltr'>friget</span> <span class='ocrx_word' id='word_1_229' title='bbox 668 3734 701 3796; x_wconf 92' lang='lat' dir='ltr'>in</span> <span class='ocrx_word' id='word_1_230' title='bbox 733 3733 844 3820; x_wconf 89' lang='lat' dir='ltr'>glacie</span> <span class='ocrx_word' id='word_1_231' title='bbox 877 3744 935 3796; x_wconf 93' lang='lat' dir='ltr'>aut</span> <span class='ocrx_word' id='word_1_232' title='bbox 967 3732 1059 3808; x_wconf 89' lang='lat' dir='ltr'>nive,</span> <span class='ocrx_word' id='word_1_233' title='bbox 1094 3731 1119 3793; x_wconf 88' lang='lat' dir='ltr'>si</span> <span class='ocrx_word' id='word_1_234' title='bbox 1154 3731 1242 3794; x_wconf 90' lang='lat' dir='ltr'>calet</span> <span class='ocrx_word' id='word_1_235' title='bbox 1266 3732 1298 3794; x_wconf 92' lang='lat' dir='ltr'>in</span> <span class='ocrx_word' id='word_1_236' title='bbox 1323 3731 1587 3815; x_wconf 87' lang='lat' dir='ltr'>praeterfluente</span> <span class='ocrx_word' id='word_1_237' title='bbox 1611 3733 1751 3817; x_wconf 90' lang='lat' dir='ltr'>aliisque</span> <span class='ocrx_word' id='word_1_238' title='bbox 1773 3733 1858 3796; x_wconf 92' lang='lat' dir='ltr'>locis</span> <span class='ocrx_word' id='word_1_239' title='bbox 1880 3733 2079 3818; x_wconf 91' lang='lat' dir='ltr'>periculosis</span> <span class='ocrx_word' id='word_1_240' title='bbox 2103 3745 2136 3796; x_wconf 89' lang='lat' dir='ltr'>et</span> <span class='ocrx_word' id='word_1_241' title='bbox 2238 3745 2239 3766; x_wconf 42' lang='lat' dir='ltr'>l</span> 
     </span>
    </p>
   </div>
   <div class='ocr_carea' id='block_1_10' title="bbox 533 3836 2135 4354">
    <p class='ocr_par' dir='ltr' id='par_1_10' title="bbox 533 3836 2135 4354">
     <span class='ocr_line' id='line_1_24' title="bbox 533 3836 2134 3927; baseline -0.003 -22"><span class='ocrx_word' id='word_1_242' title='bbox 533 3843 697 3927; x_wconf 86' lang='lat' dir='ltr'>suspectis</span> <span class='ocrx_word' id='word_1_243' title='bbox 732 3841 876 3905; x_wconf 89' lang='lat' dir='ltr'>natitant</span> <span class='ocrx_word' id='word_1_244' title='bbox 910 3860 950 3904; x_wconf 93' lang='lat' dir='ltr'>ac</span> <span class='ocrx_word' id='word_1_245' title='bbox 984 3840 1131 3902; x_wconf 90' lang='lat' dir='ltr'>latitant:</span> <span class='ocrx_word' id='word_1_246' title='bbox 1177 3836 1304 3902; x_wconf 91' lang='lat' dir='ltr'>Postea</span> <span class='ocrx_word' id='word_1_247' title='bbox 1337 3859 1414 3901; x_wconf 90' lang='lat' dir='ltr'>curn</span> <span class='ocrx_word' id='word_1_248' title='bbox 1447 3838 1572 3902; x_wconf 90' lang='lat' dir='ltr'>accidit</span> <span class='ocrx_word' id='word_1_249' title='bbox 1604 3837 1778 3903; x_wconf 90' lang='lat' dir='ltr'>calamitas</span> <span class='ocrx_word' id='word_1_250' title='bbox 1811 3837 1885 3902; x_wconf 92' lang='lat' dir='ltr'>Nos</span> <span class='ocrx_word' id='word_1_251' title='bbox 1917 3859 2134 3904; x_wconf 86' lang='lat' dir='ltr'>accusamur:</span> 
     </span>
     <span class='ocr_line' id='line_1_25' title="bbox 533 3944 2135 4034; baseline -0.001 -22"><span class='ocrx_word' id='word_1_252' title='bbox 533 3948 647 4012; x_wconf 88' lang='lat' dir='ltr'>Etiam</span> <span class='ocrx_word' id='word_1_253' title='bbox 667 3947 867 4013; x_wconf 88' lang='lat' dir='ltr'>Scholarurn</span> <span class='ocrx_word' id='word_1_254' title='bbox 891 3947 1177 4012; x_wconf 77' lang='lat' dir='ltr'>mercenariorum</span> <span class='ocrx_word' id='word_1_255' title='bbox 1194 3944 1423 4022; x_wconf 87' lang='lat' dir='ltr'>Elementarii,</span> <span class='ocrx_word' id='word_1_256' title='bbox 1448 3945 1571 4032; x_wconf 91' lang='lat' dir='ltr'>quibus</span> <span class='ocrx_word' id='word_1_257' title='bbox 1596 3945 1730 4010; x_wconf 89' lang='lat' dir='ltr'>licentia</span> <span class='ocrx_word' id='word_1_258' title='bbox 1754 3947 1864 4034; x_wconf 86' lang='lat' dir='ltr'>major</span> <span class='ocrx_word' id='word_1_259' title='bbox 1887 3959 1949 4022; x_wconf 93' lang='lat' dir='ltr'>est,</span> <span class='ocrx_word' id='word_1_260' title='bbox 1974 3945 2135 4032; x_wconf 91' lang='lat' dir='ltr'>quicquid</span> 
     </span>
     <span class='ocr_line' id='line_1_26' title="bbox 533 4051 2134 4139; baseline -0.002 -20"><span class='ocrx_word' id='word_1_261' title='bbox 533 4055 691 4132; x_wconf 88' lang='lat' dir='ltr'>delirant,</span> <span class='ocrx_word' id='word_1_262' title='bbox 725 4057 756 4118; x_wconf 91' lang='lat' dir='ltr'>in</span> <span class='ocrx_word' id='word_1_263' title='bbox 782 4053 928 4118; x_wconf 91' lang='lat' dir='ltr'>Nostros</span> <span class='ocrx_word' id='word_1_264' title='bbox 958 4051 1146 4118; x_wconf 90' lang='lat' dir='ltr'>derivatur:</span> <span class='ocrx_word' id='word_1_265' title='bbox 1180 4051 1429 4138; x_wconf 88' lang='lat' dir='ltr'>Praeceptores</span> <span class='ocrx_word' id='word_1_266' title='bbox 1458 4067 1571 4117; x_wconf 89' lang='lat' dir='ltr'>autem</span> <span class='ocrx_word' id='word_1_267' title='bbox 1605 4052 1827 4118; x_wconf 92' lang='lat' dir='ltr'>conciliabula</span> <span class='ocrx_word' id='word_1_268' title='bbox 1857 4055 1921 4117; x_wconf 91' lang='lat' dir='ltr'>ista</span> <span class='ocrx_word' id='word_1_269' title='bbox 1951 4075 2134 4139; x_wconf 91' lang='lat' dir='ltr'>puerorum</span> 
     </span>
     <span class='ocr_line' id='line_1_27' title="bbox 533 4159 2134 4247; baseline -0.001 -23"><span class='ocrx_word' id='word_1_270' title='bbox 533 4161 677 4226; x_wconf 89' lang='lat' dir='ltr'>lustrare</span> <span class='ocrx_word' id='word_1_271' title='bbox 713 4183 754 4226; x_wconf 90' lang='lat' dir='ltr'>ac</span> <span class='ocrx_word' id='word_1_272' title='bbox 784 4159 1008 4225; x_wconf 87' lang='lat' dir='ltr'>interturbare</span> <span class='ocrx_word' id='word_1_273' title='bbox 1040 4171 1235 4244; x_wconf 89' lang='lat' dir='ltr'>praesentes</span> <span class='ocrx_word' id='word_1_274' title='bbox 1266 4181 1333 4224; x_wconf 90' lang='lat' dir='ltr'>non</span> <span class='ocrx_word' id='word_1_275' title='bbox 1364 4173 1506 4246; x_wconf 91' lang='lat' dir='ltr'>queunt,</span> <span class='ocrx_word' id='word_1_276' title='bbox 1538 4159 1723 4246; x_wconf 80' lang='lat' dir='ltr'>Corycaeos</span> <span class='ocrx_word' id='word_1_277' title='bbox 1754 4159 1877 4247; x_wconf 86' lang='lat' dir='ltr'>singuli</span> <span class='ocrx_word' id='word_1_278' title='bbox 1905 4183 2009 4224; x_wconf 93' lang='lat' dir='ltr'>unum</span> <span class='ocrx_word' id='word_1_279' title='bbox 2032 4173 2134 4246; x_wconf 89' lang='lat' dir='ltr'>atque</span> 
     </span>
     <span class='ocr_line' id='line_1_28' title="bbox 533 4267 2090 4354; baseline -0.001 -22"><span class='ocrx_word' id='word_1_280' title='bbox 533 4271 612 4334; x_wconf 90' lang='lat' dir='ltr'>item</span> <span class='ocrx_word' id='word_1_281' title='bbox 637 4269 779 4332; x_wconf 89' lang='lat' dir='ltr'>alterum</span> <span class='ocrx_word' id='word_1_282' title='bbox 803 4267 1046 4344; x_wconf 89' lang='lat' dir='ltr'>constituimus,</span> <span class='ocrx_word' id='word_1_283' title='bbox 1070 4289 1214 4352; x_wconf 90' lang='lat' dir='ltr'>quorum</span> <span class='ocrx_word' id='word_1_284' title='bbox 1238 4288 1303 4352; x_wconf 88' lang='lat' dir='ltr'>ope</span> <span class='ocrx_word' id='word_1_285' title='bbox 1328 4289 1502 4354; x_wconf 87' lang='lat' dir='ltr'>operaque</span> <span class='ocrx_word' id='word_1_286' title='bbox 1526 4268 1595 4331; x_wconf 89' lang='lat' dir='ltr'>istis</span> <span class='ocrx_word' id='word_1_287' title='bbox 1619 4269 1722 4331; x_wconf 91' lang='lat' dir='ltr'>etiam</span> <span class='ocrx_word' id='word_1_288' title='bbox 1745 4268 1860 4332; x_wconf 89' lang='lat' dir='ltr'>naevis</span> <span class='ocrx_word' id='word_1_289' title='bbox 1885 4268 2090 4331; x_wconf 90' lang='lat' dir='ltr'>medeamur.</span> 
     </span>
    </p>
   </div>
   <div class='ocr_carea' id='block_1_11' title="bbox 306 4853 2134 5264">
    <p class='ocr_par' dir='ltr' id='par_1_11' title="bbox 306 4853 2134 5264">
     <span class='ocr_line' id='line_1_29' title="bbox 306 4853 2134 4943; baseline -0.005 -18"><span class='ocrx_word' id='word_1_290' title='bbox 306 4865 330 4912; x_wconf 75' lang='lat'>⁴·</span> <span class='ocrx_word' id='word_1_291' title='bbox 352 4859 504 4943; x_wconf 67' lang='lat' dir='ltr'>Magistra-</span> <span class='ocrx_word' id='word_1_292' title='bbox 640 4857 818 4923; x_wconf 89' lang='lat' dir='ltr'>Postremo</span> <span class='ocrx_word' id='word_1_293' title='bbox 852 4879 929 4922; x_wconf 89' lang='lat' dir='ltr'>curn</span> <span class='ocrx_word' id='word_1_294' title='bbox 962 4855 1118 4941; x_wconf 89' lang='lat' dir='ltr'>discipuli</span> <span class='ocrx_word' id='word_1_295' title='bbox 1152 4855 1302 4938; x_wconf 80' lang='lat' dir='ltr'>(luerunt</span> <span class='ocrx_word' id='word_1_296' title='bbox 1335 4855 1425 4918; x_wconf 90' lang='lat' dir='ltr'>enim</span> <span class='ocrx_word' id='word_1_297' title='bbox 1457 4855 1593 4940; x_wconf 88' lang='lat' dir='ltr'>singulis</span> <span class='ocrx_word' id='word_1_298' title='bbox 1618 4853 1791 4918; x_wconf 85' lang='lat' dir='ltr'>Classibus</span> <span class='ocrx_word' id='word_1_299' title='bbox 1819 4853 1941 4942; x_wconf 88' lang='lat' dir='ltr'>singuli</span> <span class='ocrx_word' id='word_1_300' title='bbox 1970 4853 2134 4940; x_wconf 89' lang='lat' dir='ltr'>magistri)</span> 
     </span>
     <span class='ocr_line' id='line_1_30' title="bbox 307 4933 2134 5066; baseline -0.004 -34"><span class='ocrx_word' id='word_1_301' title='bbox 307 4933 506 5066; x_wconf 46' lang='lat' dir='ltr'>r‘eaerpqpeecqtqpraes</span> <span class='ocrx_word' id='word_1_302' title='bbox 534 4989 611 5032; x_wconf 91' lang='lat' dir='ltr'>eum</span> <span class='ocrx_word' id='word_1_303' title='bbox 635 4978 764 5030; x_wconf 91' lang='lat' dir='ltr'>tanturn</span> <span class='ocrx_word' id='word_1_304' title='bbox 788 4977 1048 5050; x_wconf 88' lang='lat' dir='ltr'>praeceptorem</span> <span class='ocrx_word' id='word_1_305' title='bbox 1073 4962 1290 5048; x_wconf 89' lang='lat' dir='ltr'>respicerent,</span> <span class='ocrx_word' id='word_1_306' title='bbox 1316 4961 1412 5048; x_wconf 83' lang='lat' dir='ltr'>cujus</span> <span class='ocrx_word' id='word_1_307' title='bbox 1433 4961 1627 5048; x_wconf 90' lang='lat' dir='ltr'>magisterio</span> <span class='ocrx_word' id='word_1_308' title='bbox 1652 4983 1714 5046; x_wconf 94' lang='lat' dir='ltr'>pro</span> <span class='ocrx_word' id='word_1_309' title='bbox 1731 4973 1885 5046; x_wconf 90' lang='lat' dir='ltr'>tempore</span> <span class='ocrx_word' id='word_1_310' title='bbox 1902 4960 2134 5046; x_wconf 83' lang='lat' dir='ltr'>subjacebant,</span> 
     </span>
     <span class='ocr_line' id='line_1_31' title="bbox 534 5065 2133 5157; baseline -0.006 -18"><span class='ocrx_word' id='word_1_311' title='bbox 534 5087 690 5140; x_wconf 88' lang='lat' dir='ltr'>caeteros</span> <span class='ocrx_word' id='word_1_312' title='bbox 715 5095 758 5136; x_wconf 93' lang='lat' dir='ltr'>ne</span> <span class='ocrx_word' id='word_1_313' title='bbox 782 5070 950 5157; x_wconf 91' lang='lat' dir='ltr'>capitibus</span> <span class='ocrx_word' id='word_1_314' title='bbox 975 5069 1113 5156; x_wconf 90' lang='lat' dir='ltr'>quidem</span> <span class='ocrx_word' id='word_1_315' title='bbox 1138 5068 1271 5132; x_wconf 91' lang='lat' dir='ltr'>nudatis</span> <span class='ocrx_word' id='word_1_316' title='bbox 1296 5079 1544 5146; x_wconf 88' lang='lat' dir='ltr'>revererentur,</span> <span class='ocrx_word' id='word_1_317' title='bbox 1569 5089 1680 5155; x_wconf 89' lang='lat' dir='ltr'>neque</span> <span class='ocrx_word' id='word_1_318' title='bbox 1706 5065 1828 5131; x_wconf 90' lang='lat' dir='ltr'>devia</span> <span class='ocrx_word' id='word_1_319' title='bbox 1853 5065 2028 5144; x_wconf 89' lang='lat' dir='ltr'>cederent,</span> <span class='ocrx_word' id='word_1_320' title='bbox 2047 5085 2133 5130; x_wconf 92' lang='lat' dir='ltr'>nunc</span> 
     </span>
     <span class='ocr_line' id='line_1_32' title="bbox 533 5173 2133 5264; baseline -0.005 -19"><span class='ocrx_word' id='word_1_321' title='bbox 533 5181 622 5246; x_wconf 92' lang='lat' dir='ltr'>Dnn.</span> <span class='ocrx_word' id='word_1_322' title='bbox 649 5178 897 5264; x_wconf 90' lang='lat' dir='ltr'>Praeceptores</span> <span class='ocrx_word' id='word_1_323' title='bbox 933 5199 1048 5244; x_wconf 88' lang='lat' dir='ltr'>omnes</span> <span class='ocrx_word' id='word_1_324' title='bbox 1082 5190 1116 5241; x_wconf 89' lang='lat' dir='ltr'>et</span> <span class='ocrx_word' id='word_1_325' title='bbox 1150 5177 1286 5263; x_wconf 90' lang='lat' dir='ltr'>singuli,</span> <span class='ocrx_word' id='word_1_326' title='bbox 1320 5175 1505 5239; x_wconf 82' lang='lat' dir='ltr'>Alumnum</span> <span class='ocrx_word' id='word_1_327' title='bbox 1541 5175 1678 5238; x_wconf 90' lang='lat' dir='ltr'>scholae</span> <span class='ocrx_word' id='word_1_328' title='bbox 1715 5187 1850 5237; x_wconf 90' lang='lat' dir='ltr'>nostrae</span> <span class='ocrx_word' id='word_1_329' title='bbox 1884 5173 1990 5238; x_wconf 90' lang='lat' dir='ltr'>sicubi</span> <span class='ocrx_word' id='word_1_330' title='bbox 2024 5193 2133 5260; x_wconf 89' lang='lat' dir='ltr'>poena</span> 
     </span>
    </p>
   </div>
   <div class='ocr_carea' id='block_1_12' title="bbox 0 0 2282 5828">
    <p class='ocr_par' dir='ltr' id='par_1_12' title="bbox 0 0 2282 5828">
     <span class='ocr_line' id='line_1_33' title="bbox 0 0 2282 5828; baseline 0 3"><span class='ocrx_word' id='word_1_331' title='bbox 0 0 2282 5828; x_wconf 95' lang='lat' dir='ltr'> </span> 
     </span>
    </p>
   </div>
  </div>
 </body>
</html>
