4556 5828
317 1167 525 1236 Paradigmate.

317 2221 531 2276 Nomenclatura

317 2293 450 2360 quomodo
474 2295 531 2348 exi·

371 2366 470 2433 ganda.

667 1151 703 1214 ln
729 1150 1027 1238 Paradigmatibus
1061 1149 1323 1215 declinationum
1357 1161 1459 1234 atque
1493 1148 1768 1236 conjugationum
1800 1146 1972 1212 tradendis
1995 1162 2158 1235 quantum

560 1256 760 1336 desiderem,
777 1257 976 1345 propediem
1001 1265 1075 1322 θεοῦ
1095 1261 1351 1336 συλλαμβάνοντος
1375 1254 1544 1320 indicabo
1585 1255 1730 1320 Penuria
1749 1256 1849 1320 etiam
1867 1253 1992 1319 accidit
2009 1254 2157 1320 Nomen·

561 1367 725 1443 elaturae,
755 1367 888 1452 penoris
917 1365 1017 1443 illius,
1046 1363 1135 1427 unde
1164 1363 1246 1427 vivit
1271 1359 1520 1440 Grammatica,
1550 1384 1590 1426 ea
1620 1384 1696 1427 cum
1726 1363 1839 1448 primis
1867 1375 1980 1447 parte,
2009 1384 2102 1448 quae
2129 1361 2155 1422 in

560 1471 751 1538 declinandi
786 1471 1061 1561 conjugandique
1094 1469 1243 1534 formulis
1267 1482 1465 1555 occupatur.
1504 1469 1565 1534 Est
1590 1469 1624 1532 V
1625 1468 1909 1546 ocabulariorum‚
1933 1467 2157 1534 Dictionario-

562 1603 644 1657 rum,
669 1579 1010 1646 Nomenclaturarum
1024 1578 1193 1656 Oceanus,
1218 1579 1396 1664 plurimum
1421 1591 1534 1642 tamen
1559 1576 1604 1641 ad
1628 1577 1897 1652 ostentationem,
1922 1598 1988 1640 non
2012 1575 2061 1639 ad
2082 1598 2154 1660 cap-

559 1702 629 1750 tum
657 1689 820 1773 puerilem
845 1686 1022 1753 factarum.
1059 1686 1104 1750 Et
1129 1707 1188 1750 cur
1212 1685 1393 1771 pleraeque
1418 1683 1566 1748 Nomina
1590 1697 1720 1748 tantum
1744 1707 1811 1748 non
1834 1681 1939 1747 verba
1963 1682 2153 1748 continent?

559 1795 637 1883 Ego
662 1795 750 1860 Dnn.
769 1795 988 1882 Collegarum
1013 1793 1195 1857 industriae
1219 1793 1285 1857 hoc
1309 1793 1471 1868 commisi,
1496 1789 1833 1878 quiaNomenclator
1855 1813 1921 1854 non
1945 1803 1994 1855 est
2019 1804 2155 1877 repente

561 1902 750 1981 mutandus
775 1903 841 1967 hac
865 1903 897 1965 in
922 1902 1039 1966 schola
1061 1902 1130 1988 jam
1155 1898 1287 1986 pridem
1311 1913 1508 1986 usurpatum
1526 1901 1716 1977 retinerent,
1740 1897 1909 1963 delectum
1926 1911 2041 1962 tamen
2058 1919 2153 1962 voca·

559 2010 714 2074 bulorum
745 2008 911 2087 facerent,
941 2010 1053 2074 omnia
1083 2007 1127 2072 ad
1155 2031 1258 2072 unum
1287 2029 1500 2094 nequaquam
1530 2005 1759 2071 obtruderent.
1806 2005 1896 2070 Nam
1925 2007 1981 2090 qui
2006 2003 2155 2068 Nomen-

560 2118 696 2182 clatoris
720 2119 860 2206 alicujus
885 2117 968 2182 certi
992 2131 1195 2203 perpetuum
1220 2115 1371 2180 ordinem
1396 2115 1551 2201 religiose
1576 2111 1705 2201 exiget,
1731 2114 1756 2175 is
1780 2115 1988 2201 juventutem
2011 2113 2154 2176 immane

561 2241 723 2313 quantum
753 2225 921 2302 onerabit,
950 2225 1096 2287 immane
1126 2222 1296 2288 modicum
1329 2221 1469 2310 juvabit.
1515 2221 1712 2308 Eapropter
1741 2241 1818 2285 cum
1849 2219 2153 2284 eNomenclatura

560 2333 681 2398 Lectio
712 2333 914 2420 reposcitur,
939 2332 1001 2395 etsi
1025 2330 1093 2394 bini
1117 2329 1268 2416 pariter,l
1284 2331 1499 2394 examinante
1523 2332 1644 2406 alteru,
1669 2331 1775 2393 altero
1800 2327 2025 2414 respondente
2050 2326 2153 2390 audiri

559 2455 701 2528 queunt,
731 2441 844 2506 cautio
873 2454 986 2504 tamen
1016 2452 1066 2503 est
1094 2452 1130 2503 ut
1153 2438 1311 2502 Latinum
1339 2460 1356 2502 e
1382 2437 1587 2503 Germanico
1612 2438 1848 2524 potiusquam
1873 2433 2153 2499 Germanicume

558 2548 682 2612 Latino
715 2561 906 2636 quaeratur.
955 2545 1096 2635 Majoris
1130 2546 1216 2610 enim
1250 2559 1299 2609 est
1332 2567 1457 2632 operae
1490 2567 1508 2608 e
1542 2543 1762 2621 Germanico,
1796 2543 1889 2630 quod
1912 2543 2036 2620 notius,
2066 2542 2153 2605 Lati·

559 2679 652 2734 num,
683 2656 776 2742 quod
805 2657 951 2743 ignotius
983 2654 1136 2720 reddere.
1185 2653 1356 2730 Quoniam
1381 2652 1530 2718 indicato
1555 2653 1731 2739 ignotiore,
1757 2651 1908 2736 (Latino)
1937 2652 2048 2714 notius
2072 2665 2153 2728 (ver-

559 2765 730 2840 naculum)
755 2764 865 2849 magis
889 2761 1000 2826 subito
1024 2762 1056 2824 in
1082 2775 1227 2824 mentem
1252 2761 1353 2831 venit,
1378 2783 1478 2846 quam
1497 2761 1642 2848 ignotius
1659 2760 1844 2842 (Latinum)
1862 2757 2011 2824 indicato
2028 2758 2153 2821 notiore

561 2869 805 2950 (Germanico).
843 2868 948 2958 Cujus
972 2869 1148 2955 praecepti
1172 2869 1352 2932 necessitas
1377 2890 1441 2931 non
1468 2883 1537 2933 tam
1561 2869 1593 2931 in
1618 2869 1740 2934 adultis
1764 2869 1821 2954 qui
1845 2867 1957 2953 aliquo
1980 2877 2055 2928 sunt
2072 2863 2154 2952 judi·

560 2979 624 3056 eiu,
650 3001 752 3064 quam
776 2978 889 3064 pueris
914 2975 1103 3040 rudioribus
1127 2975 1401 3061 deprehenditur.
1438 2975 1651 3041 Reminiscor
1674 2998 1762 3041 nunc
1784 2975 1865 3062 quid
1883 2975 1963 3038 mihi
1980 2972 2153 3059 Marpurgi

560 3084 741 3149 Hessorum
766 3087 798 3148 in
823 3083 964 3148 aedibus
980 3082 1174 3148 Reverendi
1199 3096 1232 3148 et
1246 3082 1428 3147 Clarissimi
1446 3083 1510 3146 Dn.
1528 3083 1570 3146 D.
1588 3083 1727 3149 Henrici
1743 3083 1924 3148 Leuchteri
1938 3079 2153 3170 Superatten·

560 3191 669 3256 dentis
694 3192 728 3257 id
752 3206 884 3278 tempus
909 3205 942 3255 et
967 3189 1115 3254 Pastoris
1136 3190 1311 3255 Ecclesiae
1329 3189 1582 3277 Marpurgensis
1607 3191 1849 3278 vigilantissimi
1873 3200 1949 3268 etc,
1974 3213 2051 3256 cum
2076 3209 2151 3275 pae-

560 3299 737 3387 dagogum
768 3321 922 3386 agerem,
957 3310 1035 3362 ante
1067 3321 1171 3362 annos
1202 3298 1343 3384 amplius
1376 3297 1496 3362 decem
1530 3321 1589 3361 usu
1624 3300 1761 3362 venerit.
1814 3298 1967 3362 Filiolum
1999 3297 2155 3362 Doctoris

558 3406 706 3469 omnium
729 3403 834 3470 ferme
859 3428 979 3484 rerum,
1004 3427 1092 3492 quae
1116 3406 1149 3468 in
1173 3405 1276 3470 domo
1300 3421 1374 3470 sunt
1391 3405 1523 3480 obviae,
1548 3406 1683 3469 nomina
1700 3405 1854 3470 eLatino
1872 3403 2015 3469 reddere
2031 3403 2153 3468 docue-

560 3537 648 3579 ram:
674 3513 880 3601 gaudebam.
918 3513 1020 3577 Forte
1044 3511 1179 3576 sortuna
1194 3511 1352 3576 Latinum
1382 3526 1463 3598 peto
1487 3510 1739 3590 eGermanic0‚
1764 3526 1800 3577 ut
1817 3513 1975 3600 quoniam
1993 3511 2037 3576 ad
2053 3534 2154 3598 quae-

559 3621 701 3685 stionem
732 3620 814 3706 quid
842 3618 989 3707 pecten?
1021 3618 1241 3705 responderet
1270 3621 1329 3688 (tin
1357 3623 1479 3698 Rumor,
1511 3619 1556 3684 ad
1584 3621 1672 3686 hanc
1701 3622 1803 3685 etiam
1832 3617 1914 3706 quid
1942 3621 2001 3688 (tiu
2025 3620 2153 3685 stamma

559 3727 717 3793 Latinum
742 3728 869 3792 ederet.
905 3727 959 3792 Ne
983 3749 1048 3815 gry
1073 3726 1209 3812 quidem
1234 3728 1296 3791 ille.
1333 3727 1552 3792 Resumenda
1576 3729 1679 3814 igitur
1698 3750 1803 3814 opera
1822 3741 1855 3791 et
1876 3725 1979 3790 modo
1999 3747 2017 3789 e
2034 3724 2155 3789 Latino

559 3835 817 3913 Germanicum,
851 3835 954 3899 modo
988 3833 1237 3899 eGermanico
1261 3833 1420 3898 Latinum
1453 3835 1658 3921 exigendum
1691 3833 1762 3899 fuit.
1810 3831 1880 3898 Sed
1912 3848 2061 3897 nostrum
2095 3833 2153 3897 erit

559 3943 653 4008 brevi
682 3944 799 4030 paucis
829 3943 971 4030 pagellis
1000 3940 1128 4028 aliquid
1157 3942 1189 4006 in
1213 3943 1359 4029 gratiam
1384 3942 1501 4006 saltem
1527 3940 1775 4017 Quintanorum
1800 3941 1971 4018 meditari,
1996 3939 2088 4028 quod
2112 3939 2155 4004 ad

560 4051 862 4115 Nomenclaturam
891 4049 1069 4136 pertineat.
1118 4049 1188 4126 Qui
1216 4062 1291 4113 sunt
1319 4062 1353 4112 et
1378 4050 1513 4136 ingenio
1538 4063 1571 4114 et
1595 4071 1697 4114 succo
1721 4063 1755 4114 et
1779 4051 1849 4114 otio
1874 4049 2017 4126 meliori,
2041 4049 2073 4110 hi
2098 4047 2155 4110 ab·

560 4161 703 4222 solutam
724 4156 1027 4223 Nomenclaturam
1051 4156 1165 4236 edant,
1190 4179 1277 4242 quae
1302 4156 1345 4220 ab
1369 4157 1485 4221 ultima
1508 4157 1653 4244 pueritia
1677 4157 1723 4221 ad
1747 4179 1939 4243 supremam
1963 4155 2156 4220 adolescen-

559 4267 641 4330 tiam
666 4265 863 4342 adscendet,
889 4265 1044 4352 adeoque
1069 4267 1173 4330 aetati
1198 4266 1380 4351 captuique
1405 4263 1618 4351 respondeat.
