4556 5828
649 1008 703 1074 De
726 1010 819 1072 horis
842 1007 1109 1092 R(everendam)
1134 1008 1323 1094 V(estram)
1346 1007 1621 1094 Exc(ellentiam)
1644 1013 1859 1100 praecepisse
1872 1013 2027 1088 memini,
2054 1014 2158 1098 cogi-

541 1119 609 1181 tavi
623 1139 691 1204 qua
703 1117 759 1180 via
776 1129 810 1181 et
825 1115 1073 1203 Praeceptores
1090 1129 1123 1180 et
1139 1115 1294 1202 discipuli
1312 1115 1482 1182 laboribus
1499 1119 1607 1182 nimiis
1623 1117 1892 1194 sublevarentur;
1909 1119 1990 1183 satis
2008 1140 2108 1193 esse,
2131 1121 2158 1182 si

540 1224 645 1288 horae
663 1235 808 1310 quatuor
816 1221 1037 1288 Lectionibus
1045 1222 1189 1308 publicis
1205 1222 1443 1302 tribuerentur,
1463 1227 1615 1312 quintam
1632 1228 1822 1311 repetitioni
1839 1227 1993 1311 privatae
2012 1226 2157 1291 deberi.

540 1329 691 1417 Ideoque
722 1351 798 1396 cum
827 1331 915 1395 senis
944 1329 1096 1416 quotidie
1120 1331 1211 1394 horis
1234 1332 1514 1398 commorandum
1537 1333 1570 1396 in
1593 1331 1720 1399 Schola
1744 1346 1833 1398 esset
1856 1349 1935 1398 ante
1959 1335 2050 1399 haec
2075 1347 2154 1399 tam

540 1437 825 1524 Praeceptoribus
854 1459 958 1524 quam
981 1437 1154 1522 discipulis
1178 1437 1332 1502 omnibus
1356 1451 1390 1503 et
1414 1439 1568 1526 singulis,
1592 1437 1785 1515 Quintanos
1807 1441 1862 1505 vel
1885 1453 2031 1527 propter
2051 1457 2156 1506 aeta-

298 1525 512 1664 ῢξζζξξξζζᾞί
540 1545 643 1610 tulam
668 1544 920 1610 imbecilliorem
945 1557 1034 1622 tota,
1066 1558 1200 1609 ceteros
1224 1546 1327 1610 horae
1351 1545 1490 1610 dimidio
1514 1549 1709 1612 exoneravi.
1755 1545 1911 1612 Pluribus
1935 1569 2026 1612 nunc
2051 1549 2150 1612 haud

344 1667 466 1722 randum.
540 1653 653 1739 potui,
695 1674 738 1716 ne
778 1653 900 1739 vulgus
939 1653 1045 1718 otium
1085 1653 1150 1718 hoc
1178 1651 1326 1728 liberale,
1362 1651 1533 1718 laboribus
1567 1651 1815 1740 subterfugium
1848 1654 2148 1741 interpretaretur.

323 1775 484 1842 conjunctio
541 1758 692 1835 Quando
723 1773 837 1826 tamen
868 1762 1004 1826 omnino
1036 1760 1271 1847 respirandum
1302 1773 1353 1826 est
1377 1759 1531 1825 Dominis
1554 1759 1856 1846 Praeceptoribus,
1887 1762 1952 1844 (his
1983 1764 2152 1835 maxime,

311 1846 499 1972 cfflffiane‘
540 1869 596 1955 qui
621 1868 797 1955 superiora
821 1868 960 1950 docent)
984 1879 1021 1931 ut
1044 1867 1111 1932 hoc
1135 1867 1329 1954 diligentius
1350 1866 1442 1932 domi
1458 1865 1664 1934 meditentur
1679 1866 1792 1954 adque
1808 1869 1942 1933 scholas
1958 1870 2151 1934 alacriores

463 1959 468 1971 ¹
539 1974 681 2040 redeant
715 1987 749 2039 et
780 1976 1030 2054 instructiores,
1061 1977 1152 2040 omni
1180 1977 1389 2064 cogitatione
1412 1976 1445 2038 in
1469 1975 1652 2040 salutarem
1676 1973 1843 2042 Classium
1866 1977 2144 2063 conjunctionem

539 2080 762 2147 incumbimus
792 2081 837 2147 ad
871 2103 975 2168 quam
1007 2083 1072 2147 hac
1106 2084 1229 2169 hyeme
1255 2083 1479 2171 juventutem,
1504 2104 1592 2167 quae
1617 2081 1789 2148 Classibus
1821 2083 1917 2169 quasi
1946 2095 2019 2147 toto
2044 2085 2147 2148 coelo

539 2187 663 2266 differt,
687 2187 763 2252 Deo
786 2210 847 2253 nos
871 2187 1095 2255 benedicente
1117 2190 1356 2276 praeparaturi
1380 2212 1503 2254 sumus.

297 2719 338 2774 De
346 2719 511 2802 absentibus
646 2723 801 2788 Dominis
830 2723 1114 2810 praeceptoribus
1144 2724 1277 2801 ludum,
1315 2724 1408 2811 quod
1442 2725 1473 2788 in
1502 2735 1629 2810 puncto
1660 2725 1765 2789 horae
1793 2723 1845 2802 fit,
1875 2724 2052 2810 ingressis,
2080 2725 2142 2788 nisi

309 2808 327 2858 p
329 2807 499 2918 nmspiguse-
541 2851 661 2917 preces
695 2829 888 2908 habendae,
920 2831 1029 2916 prima
1057 2830 1101 2895 de
1125 2831 1320 2896 absentibus
1344 2843 1395 2896 est
1419 2831 1587 2916 quaesti0,
1612 2852 1698 2922 quos
1721 2831 1852 2896 accersi
1875 2830 2004 2918 jubent.
2052 2830 2139 2894 Hinc

335 2953 478 3008 Lectiones
540 2960 576 3003 se
600 2937 646 3003 ad
668 2939 833 3004 lectiones
856 2939 1051 3026 accingunt,
1075 2959 1218 3024 quarum
1242 2960 1263 3003 a
1286 2937 1458 3024 discipulis
1481 2937 1606 3002 nullam
1623 2949 1806 3024 reposcunt
1830 2958 1932 3024 quam
1949 2957 2017 3001 non
2032 2937 2141 3022 pridie
2246 2987 2247 3030 ,

298 3025 511 3150 mmihi&
541 3045 766 3131 explicuerint
789 3046 847 3123 ita,
871 3067 913 3110 ne
934 3043 1084 3110 brevitas
1109 3045 1353 3110 obscuritatem
1383 3044 1562 3131 prolixitas
1584 3044 1733 3110 taedium
1753 3045 1934 3130 pepererit.
1968 3043 2138 3108 Numerus

332 3113 481 3240 {actiones}
538 3165 653 3217 autem
686 3152 929 3238 discipulorum
963 3153 1043 3239 quia
1073 3153 1273 3240 plerumque
1305 3153 1413 3241 major
1445 3164 1512 3229 est,
1543 3173 1645 3237 quam
1678 3163 1715 3215 ut
1745 3151 1837 3214 horis
1861 3149 1999 3237 singulis
2024 3171 2141 3214 omnes

337 3257 470 3325 quomodo
539 3259 732 3337 audiantur,
756 3259 789 3322 in
813 3260 903 3324 hunc
925 3260 1074 3338 modum,
1097 3283 1165 3346 quo
1178 3259 1299 3324 eadem
1319 3281 1424 3345 opera
1441 3259 1510 3324 duo
1526 3260 1718 3336 audiantur,
1731 3257 1916 3324 Lectiones
1932 3255 2137 3321 redduntur:

309 3329 501 3398 rep⁰⁸⁰e¹¹d⁸⁰'
539 3365 633 3432 Sistit
653 3367 687 3430 in
712 3365 858 3430 medium
883 3366 981 3431 binos
1006 3367 1178 3454 magister,
1203 3387 1328 3453 eosque
1352 3367 1534 3444 adversos,
1558 3387 1701 3455 quorum
1725 3365 1811 3430 alter
1834 3386 1977 3450 pensum
2001 3363 2138 3435 indicat,

538 3474 624 3538 alter
649 3473 827 3540 auscultat.
875 3472 1084 3560 Lapsantem
1108 3474 1136 3536 si
1160 3475 1371 3538 auscultator
1394 3497 1461 3539 non
1485 3474 1638 3539 sublevat
1662 3487 1696 3537 et
1720 3472 1866 3549 reducit,
1892 3483 2048 3535 neutrum
2072 3471 2141 3534 cal-

538 3581 608 3646 lere
640 3581 820 3647 lectionem
853 3593 1008 3667 apparet.
1056 3579 1244 3644 Mutandae
1275 3595 1388 3645 autem
1413 3594 1490 3646 sunt
1515 3581 1547 3644 in
1572 3579 1685 3646 medio
1708 3579 1879 3655 lectionis,
1907 3599 1985 3642 cum
2009 3575 2135 3641 libitum

539 3685 639 3752 suerit
662 3688 849 3776 Magistro,
878 3687 1092 3751 auscultandi
1124 3699 1257 3774 partes,
1288 3699 1324 3751 ut
1355 3689 1412 3774 qui
1440 3689 1533 3774 prior
1559 3687 1779 3763 auscultavit,
1802 3684 1973 3772 posterior
1996 3704 2133 3769 pensum

296 3829 440 3884 Lectiones
454 3828 510 3882 ,int
539 3795 707 3861 absolvat.
754 3793 890 3858 Debent
915 3794 1017 3858 etiam
1042 3793 1223 3871 lectiones,
1256 3795 1454 3880 quominus
1487 3794 1713 3860 excusationis
1744 3805 1884 3879 captent
1916 3790 2033 3876 pueri,
2065 3810 2136 3853 esse

349 3901 456 3955 breves·
538 3902 677 3981 breves,
701 3926 780 3968 usus
803 3903 956 3990 longior,
980 3923 1092 3988 poena
1116 3903 1149 3966 in
1173 3902 1439 3990 negligentiores
1463 3901 1729 3988 expeditissima.
1776 3898 1872 3964 Sicut
1896 3909 2011 3961 autem
2035 3895 2137 3960 Prae·
2245 3961 2246 3990 r

539 4025 715 4098 ceptorem
740 4011 773 4073 in
797 4009 1029 4096 proponendis
1052 4023 1086 4074 et
1110 4008 1322 4095 explicandis
1339 4007 1559 4074 Lectionibus
1583 4008 1749 4084 vocalem,
1773 4003 1975 4090 discipulum
2000 4017 2133 4074 mutum,

539 4120 585 4183 ita
619 4119 651 4182 in
683 4117 866 4182 reddendis
897 4116 1099 4202 discipulum
1127 4116 1297 4192 vocalem,
1329 4113 1594 4201 Praeceptorem
1626 4127 1753 4178 mutum
1788 4125 1821 4176 et
1845 4123 2011 4175 attentum
2045 4122 2130 4193 opto.

539 4225 692 4310 Inprimis
717 4223 881 4300 Quintani
906 4237 939 4288 et
965 4221 1150 4300 Quartani,
1174 4222 1295 4309 quibus
1319 4222 1556 4290 declinandum
1582 4235 1640 4286 aut
1664 4218 1934 4308 conjugandum,
1958 4229 2036 4280 sunt
2059 4235 2134 4280 con·

349 4346 458 4400 Finales
538 4329 763 4408 suefaciendi,
793 4345 829 4395 ut
862 4330 1011 4418 syllabas
1035 4331 1171 4407 finales,
1195 4330 1253 4395 ubi
1277 4329 1383 4395 cardo
1407 4341 1575 4406 versatur,
1600 4350 1666 4393 non
1690 4325 1897 4414 deglutiant,
1921 4323 2001 4410 quin
2025 4322 2131 4409 potius

296 4417 510 4558 classillgaffiri·
536 4438 694 4525 perinde,
723 4452 825 4526 atque
855 4439 880 4502 si
904 4439 1002 4526 gravi
1027 4450 1170 4503 accentu
1184 4435 1321 4502 Graeco
1345 4437 1500 4524 signatae
1524 4436 1599 4513 sint,
1623 4435 1828 4521 exprimant,
1853 4453 1881 4497 e.
1903 4451 1936 4518 g.
1962 4429 2043 4495 boni
2067 4429 2132 4504 viri,

342 4561 464 4615 mendae.
537 4547 643 4612 bonbs
664 4546 764 4624 virbs,
784 4546 861 4610 amb
878 4546 983 4622 amas,
1001 4546 1102 4610 amat.
1121 4557 1198 4620 etc,
1219 4542 1342 4621 mensa,
1367 4563 1512 4620 mensae,
1534 4542 1682 4606 mensam
1705 4553 1769 4605 etc.
1814 4538 1851 4602 In
1868 4537 2009 4604 Graecis
2026 4537 2133 4611 etiam,

537 4653 598 4718 etsi
627 4664 787 4716 accentus
817 4652 1125 4738 pronuntiationem
1160 4651 1310 4729 metitur,
1345 4661 1458 4716 tamen
1494 4649 1585 4715 clara
1620 4669 1706 4713 voce
1730 4659 1805 4711 sunt
1828 4645 1965 4709 ultimae
1989 4642 2135 4732 syllabae

537 4757 746 4825 afferendae.
792 4758 829 4822 In
853 4759 945 4823 hisce
974 4759 1031 4845 qui
1062 4757 1273 4844 Praeceptor
1297 4755 1503 4822 surdastrum
1528 4757 1600 4842 agit
1625 4769 1683 4820 aut
1707 4753 1945 4842 subjectorem,
1969 4751 2023 4816 ille
2045 4771 2135 4815 suum

536 4867 684 4932 officium
704 4865 795 4931 nullo
819 4864 923 4931 modo
946 4863 1038 4932 facit.
1085 4864 1152 4930 Hic
1176 4885 1256 4928 sane
1281 4864 1424 4930 auritum
1449 4885 1520 4928 esse
1544 4863 1694 4950 expedit,
1719 4863 1744 4926 si
1769 4863 1800 4926 in
1825 4861 1902 4926 loco
1926 4861 1993 4924 ullo
2017 4859 2092 4924 alio.
